% This file was created with JabRef 2.7b.
% Encoding: UTF-8

@BOOK{abelson1,
  title = {Turtle geometry: The computer as a medium for exploring mathematics},
  publisher = {the MIT Press},
  year = {1986},
  author = {Abelson, Harold and Di Sessa, Andrea A}
}

@book{mobiledesing,
  title={Mobile Design and Development },
  author={Brian Fling},
  year={2009},
  publisher={ O'Reilly Media},
  keywords = {mobile}
}

%Ejemplo
@misc{bootstrap,
  key          = {Bootstrap},
  title        = {{Documento en linea.} {Disponible en}},
  howpublished = {\url{globocom.github.com/bootstrap/}},
  year         = {2013},
  note         = {Consultado el \today}
}

@misc{bdbib,
  key          = {CCM},
  title        = {{Base de Datos} {Documento en linea.} {Disponible en}},
  howpublished = {\url{http://es.ccm.net/contents/66-introduccion-bases-de-datos}},
  year         = {2016},
  note         = {Consultado el \today}
}

@misc{smdbbib,
  key          = {Emilio Vega},
  title        = {{Sistema Manejador de Base de Datos} {Valor de la Gestion de los Datos} {Documento en linea.} {Disponible en}},
  howpublished = {\url{http://blog.powerdata.es/el-valor-de-la-gestion-de-datos/bid/406549/Qu-es-el-sistema-manejador-de-bases-de-datos}},
  year         = {2015},
  note         = {Consultado el \today}
}



@misc{postgresbib,
  key          = {Rafael},
  title        = {{PostgresSql} {Documento en linea.} {Disponible en}},
  howpublished = {\url{http://www.postgresql.org.es/sobre_postgresql}},
  year         = {2016},
  note         = {Consultado el \today}
}


@misc{tipoaplicacionesmobilesbib,
  key          = {LanceTalent},
  title        = {{Tipo Aplicaciones Moviles} {Documento en linea.} {Disponible en}},
  howpublished = {\url{https://www.lancetalent.com/blog/tipos-de-aplicaciones-moviles-ventajas-inconvenientes/}},
  year         = {2014},
  note         = {Consultado el \today}
}


@misc{mysqlbib,
  key          = {¿Qué es MySQL?},
  title        = {{MySQL} {SMDB} {Documento en linea.} {Disponible en}},
  howpublished = {\url{http://dev.mysql.com/doc/refman/5.7/en/introduction.html}},
  year         = {2005},
  note         = {Consultado el \today}
}

@misc{oraclebib,
  key          = {IES San Vicente},
  title        = {{Oracle} {SMDB} {Documento en linea.} {Disponible en}},
  howpublished = {\url{https://iessanvicente.com/colaboraciones/oracle.pdf}},
  year         = {2016},
  note         = {Consultado el \today}
}




@misc{celbib,
  key          = {EcuRed},
  title        = {{Telefono Celular} {Documento en linea.} {Disponible en}},
  howpublished = {\url{http://www.ecured.cu/Tel%C3%A9fono_celular}},
  year         = {2016},
  note         = {Consultado el \today}
}

@misc{tabletbib,
  key          = {Tablets},
  title        = {{Documento en linea.} {Disponible en}},
  howpublished = {\url{http://www.definicionabc.com/tecnologia/tablet.php}},
  year         = {2016},
  note         = {Consultado el \today}
}

 @misc{sombib,
   key          = {Sistemas Operativos Moviles},
   title        = {{Documento en linea.} {Disponible en}},
   howpublished = {\url{http://exa.unne.edu.ar/informatica/SO/Sistemas_Operativos_en_Dispositivos_Moviles.pdf}},
   year         = {2016},
   note         = {Consultado el \today}
 }
 

@misc{androidbib,
  key          = {¿Que es Android?},
  title        = {{Android (2011)} {Documento en linea.} {Disponible en}},
  howpublished = {\url{http://www.xatakandroid.com/sistema-operativo/que-es-android}},
  year         = {},
  note         = {Consultado el \today}
}

@misc{androidobib,
  key          = {Android},
  title        = {{(2016)} {Documento en linea.} {Disponible en}},
  howpublished = {\url{https://www.android.com/}},
  year         = {},
  note         = {Consultado el \today}
}



@misc{iosbib,
  key          = {Apple Inc},
  year         = {2016},
  title        = {{iOS} {Documento en linea.} {Disponible en}},
  howpublished = {\url{http://www.apple.com/mx/ios/what-is/}},
  note         = {Consultado el \today}
}


@misc{firefoxbib,
  key          = {Mozilla Developer Network},
  title        = {{Firefox OS} {Documento en linea.} {Disponible en}},
  howpublished = {\url{https://developer.mozilla.org/en-US/docs/Mozilla/B2G_OS}},
  year         = {2016},
  note         = {Consultado el \today}
}

@misc{jquerybib,
  key          = {JQuery},
  title        = {{Documento en linea.} {Disponible en}},
  howpublished = {\url{http://www.desarrolloweb.com/articulos/introduccion-jquery.html}},
  year         = {2009},
  note         = {Consultado el \today}
}

@misc{jqueryuibib,
  key          = {JQueryUI},
  title        = {{Documento en linea.} {Disponible en}},
  howpublished = {\url{http://www.desarrolloweb.com/manuales/manual-jqueryui.html}},
  year         = {2013},
  note         = {Consultado el \today}
}

@misc{php,
  key          = {¿Que es CakePHP y por que usarlo?},
  title        = {(2012) {Documento en linea.} {Disponible en}},
  howpublished = {\url{http://book.cakephp.org/1.3/es/The-Manual/Beginning-With-CakePHP/What-is-CakePHP-Why-Use-it.html}},
  note         = {Consultado el \today}
}

@misc{rubybib,
  key          = {Ruby on Rails},
  title        = {{Documento en linea.} {Disponible en}},
  howpublished = {\url{http://www.rubyonrails.org.es/}},
  note         = {Consultado el \today}
}

@misc{jsonbib,
  key          = {JSON},
  title        = {{Documento en linea.} {Disponible en}},
  howpublished = {\url{http://www.json.org/json-es.html}},
  year         = {2016},
  note         = {Consultado el \today}
}

@misc{titaniumbib,
  key          = {Titanium Appcelerator},
  title        = {{Plataforma Desarrollo de Aplicaciones Moviles (s,f)} {Documento en linea.} {Disponible en}},
  howpublished = {\url{https://docs.appcelerator.com/platform/latest/#!/guide/Appcelerator_Platform}},
  year         = {2016},
  note         = {Consultado el \today}
}

@misc{phonegapbib,
  key          = {PhoneGap},
  title        = {{Documento en linea.} {Disponible en}},
  howpublished = {\url{http://docs.phonegap.com/references/developer-app/}},
  year         = {2016},
  note         = {Consultado el \today}
}

@book{javascripbib,
  title={JavaScript: The Definitive Guide SIXTH EDITION},
  author={David Flanagan},
  year={2011},
  publisher={ O'Reilly Media},
  keywords = {javascript}
}



@comment{jabref-meta: selector_publisher:}

@comment{jabref-meta: selector_author:}

@comment{jabref-meta: selector_journal:}

@comment{jabref-meta: selector_keywords:}